 
@Book{book1,
 author    = "Author, Book",
 title     = "Book Title",
 year      = "1998",
 publisher = "University Press",
 pages     = {123--132}
} 
@ARTICLE{article1,
  author={Name, A. and Name, B.},
  journal={Journal of Thing},
  title={Article name},
  year={2006},
  volume={53},
  number={1},
  pages={270--278}
}